%YAML 1.1
%TAG !u! tag:unity3d.com,2011:
--- !u!1 &122594
GameObject:
  m_ObjectHideFlags: 0
  m_PrefabParentObject: {fileID: 0}
  m_PrefabInternal: {fileID: 100100000}
  serializedVersion: 4
  m_Component:
  - 4: {fileID: 448224}
  - 212: {fileID: 21292178}
  - 95: {fileID: 9534862}
  m_Layer: 10
  m_Name: Body
  m_TagString: Untagged
  m_Icon: {fileID: 0}
  m_NavMeshLayer: 0
  m_StaticEditorFlags: 0
  m_IsActive: 1
--- !u!1 &132582
GameObject:
  m_ObjectHideFlags: 0
  m_PrefabParentObject: {fileID: 0}
  m_PrefabInternal: {fileID: 100100000}
  serializedVersion: 4
  m_Component:
  - 4: {fileID: 411320}
  - 58: {fileID: 5866694}
  - 50: {fileID: 5061774}
  - 114: {fileID: 11456678}
  - 114: {fileID: 11466434}
  - 114: {fileID: 11408674}
  - 114: {fileID: 11495012}
  - 114: {fileID: 11484732}
  - 82: {fileID: 8252504}
  m_Layer: 10
  m_Name: LionMatnesis
  m_TagString: Untagged
  m_Icon: {fileID: 0}
  m_NavMeshLayer: 0
  m_StaticEditorFlags: 0
  m_IsActive: 1
--- !u!4 &411320
Transform:
  m_ObjectHideFlags: 1
  m_PrefabParentObject: {fileID: 0}
  m_PrefabInternal: {fileID: 100100000}
  m_GameObject: {fileID: 132582}
  m_LocalRotation: {x: 0, y: 0, z: 0, w: 1}
  m_LocalPosition: {x: 3.99600005, y: -1.84300005, z: 0}
  m_LocalScale: {x: 1, y: 1, z: 1}
  m_Children:
  - {fileID: 448224}
  m_Father: {fileID: 0}
  m_RootOrder: 0
--- !u!4 &448224
Transform:
  m_ObjectHideFlags: 1
  m_PrefabParentObject: {fileID: 0}
  m_PrefabInternal: {fileID: 100100000}
  m_GameObject: {fileID: 122594}
  m_LocalRotation: {x: 0, y: 0, z: 0, w: 1}
  m_LocalPosition: {x: -0, y: 0, z: 0}
  m_LocalScale: {x: 1, y: 1, z: 1}
  m_Children: []
  m_Father: {fileID: 411320}
  m_RootOrder: 0
--- !u!50 &5061774
Rigidbody2D:
  serializedVersion: 2
  m_ObjectHideFlags: 1
  m_PrefabParentObject: {fileID: 0}
  m_PrefabInternal: {fileID: 100100000}
  m_GameObject: {fileID: 132582}
  m_Mass: 1
  m_LinearDrag: 0
  m_AngularDrag: .0500000007
  m_GravityScale: 1
  m_IsKinematic: 0
  m_Interpolate: 0
  m_SleepingMode: 1
  m_CollisionDetection: 0
  m_Constraints: 4
--- !u!58 &5866694
CircleCollider2D:
  m_ObjectHideFlags: 1
  m_PrefabParentObject: {fileID: 0}
  m_PrefabInternal: {fileID: 100100000}
  m_GameObject: {fileID: 132582}
  m_Enabled: 1
  m_Material: {fileID: 0}
  m_IsTrigger: 0
  m_UsedByEffector: 0
  m_Offset: {x: 0, y: 0}
  serializedVersion: 2
  m_Radius: .100000001
--- !u!82 &8252504
AudioSource:
  m_ObjectHideFlags: 1
  m_PrefabParentObject: {fileID: 0}
  m_PrefabInternal: {fileID: 100100000}
  m_GameObject: {fileID: 132582}
  m_Enabled: 1
  serializedVersion: 4
  OutputAudioMixerGroup: {fileID: 0}
  m_audioClip: {fileID: 0}
  m_PlayOnAwake: 0
  m_Volume: 1
  m_Pitch: 1
  Loop: 0
  Mute: 0
  Spatialize: 0
  Priority: 128
  DopplerLevel: 1
  MinDistance: 1
  MaxDistance: 500
  Pan2D: 0
  rolloffMode: 0
  BypassEffects: 0
  BypassListenerEffects: 0
  BypassReverbZones: 0
  rolloffCustomCurve:
    serializedVersion: 2
    m_Curve:
    - time: 0
      value: 1
      inSlope: 0
      outSlope: 0
      tangentMode: 0
    - time: 1
      value: 0
      inSlope: 0
      outSlope: 0
      tangentMode: 0
    m_PreInfinity: 2
    m_PostInfinity: 2
  panLevelCustomCurve:
    serializedVersion: 2
    m_Curve:
    - time: 0
      value: 0
      inSlope: 0
      outSlope: 0
      tangentMode: 0
    m_PreInfinity: 2
    m_PostInfinity: 2
  spreadCustomCurve:
    serializedVersion: 2
    m_Curve:
    - time: 0
      value: 0
      inSlope: 0
      outSlope: 0
      tangentMode: 0
    m_PreInfinity: 2
    m_PostInfinity: 2
  reverbZoneMixCustomCurve:
    serializedVersion: 2
    m_Curve:
    - time: 0
      value: 1
      inSlope: 0
      outSlope: 0
      tangentMode: 0
    m_PreInfinity: 2
    m_PostInfinity: 2
--- !u!95 &9534862
Animator:
  serializedVersion: 3
  m_ObjectHideFlags: 1
  m_PrefabParentObject: {fileID: 0}
  m_PrefabInternal: {fileID: 100100000}
  m_GameObject: {fileID: 122594}
  m_Enabled: 1
  m_Avatar: {fileID: 0}
  m_Controller: {fileID: 9100000, guid: aba09fdb16bbb400d9e5ce598325055f, type: 2}
  m_CullingMode: 0
  m_UpdateMode: 0
  m_ApplyRootMotion: 0
  m_LinearVelocityBlending: 0
  m_WarningMessage: 
  m_HasTransformHierarchy: 1
  m_AllowConstantClipSamplingOptimization: 1
--- !u!114 &11408674
MonoBehaviour:
  m_ObjectHideFlags: 1
  m_PrefabParentObject: {fileID: 0}
  m_PrefabInternal: {fileID: 100100000}
  m_GameObject: {fileID: 132582}
  m_Enabled: 1
  m_EditorHideFlags: 0
  m_Script: {fileID: 11500000, guid: c24644e75dac24bb8abf9458baa2a060, type: 3}
  m_Name: 
  m_EditorClassIdentifier: 
  update: 1
  enableHorizontal: 1
  enableVertical: 1
  onlyOneAxis: 0
  horizontalAxis: 0
  verticalAxis: 0
--- !u!114 &11456678
MonoBehaviour:
  m_ObjectHideFlags: 1
  m_PrefabParentObject: {fileID: 0}
  m_PrefabInternal: {fileID: 100100000}
  m_GameObject: {fileID: 132582}
  m_Enabled: 1
  m_EditorHideFlags: 0
  m_Script: {fileID: 11500000, guid: 21956be3cc99b44f098f48e4033bb13b, type: 3}
  m_Name: 
  m_EditorClassIdentifier: 
  gunDistance: .209999993
  allowAttack: 1
  allowDamage: 1
  currentHp: 1
  currentDirection: {x: 0, y: 0}
  currentBullet: {fileID: 0}
  simpleBullet: {fileID: 417844, guid: f87b3429b409e41d5acb9967bb25603e, type: 2}
  powerBullet: {fileID: 422664, guid: bb8f62743ff414d689b3960803ce5f7c, type: 2}
  bulletGunBlast: {fileID: 19883150, guid: f256776e9b4b5904a8b6d2a9e3f56262, type: 2}
  dustTrail: {fileID: 19892076, guid: f4aca81fe9479fc448a40a2a18f91a3a, type: 2}
  engineClip: {fileID: 8300000, guid: c9006fa7fb8a512449530e0233e0983c, type: 3}
  gunBlastClip: {fileID: 8300000, guid: 1d48b06c6ab044de9b0fb8f37127d11a, type: 3}
  deadClip: {fileID: 8300000, guid: 9bc86644537bf004593dc622969e5837, type: 3}
  respawnClip: {fileID: 8300000, guid: 1b39405624a5517479075e157d1fbc0e, type: 3}
--- !u!114 &11466434
MonoBehaviour:
  m_ObjectHideFlags: 1
  m_PrefabParentObject: {fileID: 0}
  m_PrefabInternal: {fileID: 100100000}
  m_GameObject: {fileID: 132582}
  m_Enabled: 1
  m_EditorHideFlags: 0
  m_Script: {fileID: 11500000, guid: 03b1a51f951a84ea7aa2e8c39a6a45f9, type: 3}
  m_Name: 
  m_EditorClassIdentifier: 
  update: 1
  attack: 5
  decay: 5
  limit: 3
  limitOverride: 0
  direction: {x: 0, y: 0}
  magnitude: 8
  gravity: {x: 0, y: 0}
  gravityOverride: {x: 0, y: 0}
  force: {x: 0, y: 0}
  forceLimit: 0
  raycastLength: .25
  wallLayer:
    serializedVersion: 2
    m_Bits: 0
  wallsColliding: {x: 0, y: 0, z: 0, w: 0}
--- !u!114 &11484732
MonoBehaviour:
  m_ObjectHideFlags: 1
  m_PrefabParentObject: {fileID: 0}
  m_PrefabInternal: {fileID: 100100000}
  m_GameObject: {fileID: 132582}
  m_Enabled: 1
  m_EditorHideFlags: 0
  m_Script: {fileID: 11500000, guid: c7901513b70e94ba78f38eaed6d139c5, type: 3}
  m_Name: 
  m_EditorClassIdentifier: 
  playerNumber: 0
  score: 0
  imgSprite: {fileID: 21300000, guid: 1ce8b9bac4b1e41809b2281ff8a55a82, type: 3}
--- !u!114 &11495012
MonoBehaviour:
  m_ObjectHideFlags: 1
  m_PrefabParentObject: {fileID: 0}
  m_PrefabInternal: {fileID: 100100000}
  m_GameObject: {fileID: 132582}
  m_Enabled: 1
  m_EditorHideFlags: 0
  m_Script: {fileID: 11500000, guid: 03588ad05a2e44cc0b80f33a29346499, type: 3}
  m_Name: 
  m_EditorClassIdentifier: 
  update: 1
  useKeyboard: 0
  forceActiveDevice: 0
  inputDeviceOrder: 0
--- !u!212 &21292178
SpriteRenderer:
  m_ObjectHideFlags: 1
  m_PrefabParentObject: {fileID: 0}
  m_PrefabInternal: {fileID: 100100000}
  m_GameObject: {fileID: 122594}
  m_Enabled: 1
  m_CastShadows: 0
  m_ReceiveShadows: 0
  m_Materials:
  - {fileID: 10754, guid: 0000000000000000e000000000000000, type: 0}
  m_SubsetIndices: 
  m_StaticBatchRoot: {fileID: 0}
  m_UseLightProbes: 0
  m_ReflectionProbeUsage: 0
  m_ProbeAnchor: {fileID: 0}
  m_ScaleInLightmap: 1
  m_PreserveUVs: 0
  m_ImportantGI: 0
  m_AutoUVMaxDistance: .5
  m_AutoUVMaxAngle: 89
  m_LightmapParameters: {fileID: 0}
  m_SortingLayerID: 0
  m_SortingOrder: 0
  m_Sprite: {fileID: 21300000, guid: 1ce8b9bac4b1e41809b2281ff8a55a82, type: 3}
  m_Color: {r: 1, g: 1, b: 1, a: 1}
--- !u!1001 &100100000
Prefab:
  m_ObjectHideFlags: 1
  serializedVersion: 2
  m_Modification:
    m_TransformParent: {fileID: 0}
    m_Modifications:
    - target: {fileID: 0}
      propertyPath: simpleBullet
      value: 
      objectReference: {fileID: 417844, guid: f87b3429b409e41d5acb9967bb25603e, type: 2}
    - target: {fileID: 0}
      propertyPath: powerBullet
      value: 
      objectReference: {fileID: 422664, guid: bb8f62743ff414d689b3960803ce5f7c, type: 2}
    - target: {fileID: 0}
      propertyPath: m_Materials.Array.data[0]
      value: 
      objectReference: {fileID: 2100000, guid: ac103f836725c4fffbab3bb7e2842fec, type: 2}
    - target: {fileID: 0}
      propertyPath: m_Layer
      value: 10
      objectReference: {fileID: 0}
    - target: {fileID: 0}
      propertyPath: m_Time
      value: .200000003
      objectReference: {fileID: 0}
    - target: {fileID: 0}
      propertyPath: m_UseLightProbes
      value: 0
      objectReference: {fileID: 0}
    - target: {fileID: 0}
      propertyPath: m_ReceiveShadows
      value: 0
      objectReference: {fileID: 0}
    - target: {fileID: 0}
      propertyPath: m_CastShadows
      value: 0
      objectReference: {fileID: 0}
    - target: {fileID: 0}
      propertyPath: m_StartWidth
      value: .300000012
      objectReference: {fileID: 0}
    - target: {fileID: 0}
      propertyPath: imgSprite
      value: 
      objectReference: {fileID: 21300000, guid: 1ce8b9bac4b1e41809b2281ff8a55a82,
        type: 3}
    m_RemovedComponents: []
  m_ParentPrefab: {fileID: 0}
  m_RootGameObject: {fileID: 132582}
  m_IsPrefabParent: 1
